@inbook{doi:10.4018/978-1-60960-491-2.ch019,
  author = {Garcia, Maxime and Stahl, Olivier and Finetti, Pascal and Birnbaum, Daniel and Bertucci, François and Bidaut, Ghislain},
  title = {Linking Interactome to Disease : A Network-Based Analysis of Metastatic Relapse in Breast Cancer},
  booktitle = {Handbook of Research on Computational and Systems Biology: Interdisciplinary Applications},
  year = {2011},
  doi = {10.4018/978-1-60960-491-2.ch019},
  pages = {406--427}
}

@article{doi:10.1093/bioinformatics/bts025,
  author = {Garcia, Maxime and Millat-Carus, Raphaelle and Bertucci, François and Finetti, Pascal and Birnbaum, Daniel and Bidaut, Ghislain},
  title = {Interactome–transcriptome integration for predicting distant metastasis in breast cancer},
  journaltitle = {Bioinformatics},
  year = {2012},
  doi = {10.1093/bioinformatics/bts025},
  number = {5},
  pages = {672-678},
  volume = {28}
}

@inbook{doi:10.1007/978-1-62703-721-1_5,
  author = {Garcia, Maxime and Finetti, Pascal and Bertucci, Francois and Birnbaum, Daniel and Bidaut, Ghislain},
  title = {Detection of Driver Protein Complexes in Breast Cancer Metastasis by Large-Scale Transcriptome--Interactome Integration},
  bookTitle = {Gene Function Analysis},
  year = {2014},
  doi = {10.1007/978-1-62703-721-1_5},
  pages = {67--85}
}

@inbook{Garcia2013,
  author = {Garcia, Maxime and Millat-Carus, Raphaëlle and Bertucci, François and Finetti, Pascal and Guille, Arnaud and Adelaïde, José and Bekhouche,  Ismahane and Sabatier, Renaud and Chaffanet, Max and Birnbaum, Daniel and Bidaut, Ghislain},
  title = {CNV-Interactome-Transcriptome Integration to detect driver genes in cancerology},
  booktitle = {Microarray Image and Data Analysis: Theory and Practice},
  year = {2013},
  isbn = {978-1-46658-682-6},
  pages = {331--338}
}

@article{doi:10.1021/pr401258d,
  author = {Bonacci, Thomas and Audebert, Stéphane and Camoin, Luc and Baudelet, Emilie and Bidaut, Ghislain and Garcia, Maxime and Witzel, Ini-Isabée and Perkins, Neil D. and Borg, Jean-Paul and Iovanna, Juan-Lucio and Soubeyran, Philippe},
  title = {Identification of New Mechanisms of Cellular Response to Chemotherapy by Tracking Changes in Post-Translational Modifications by Ubiquitin and Ubiquitin-Like Proteins},
  journaltitle = {Journal of Proteome Research},
  year = {2014},
  doi = {10.1021/pr401258d},
  number = {5},
  pages = {2478-2494},
  volume = {13}
}

@article{doi.org/10.1016/j.ejcb.2018.02.004,
  author = {Tong Liu and Jian Zhao and Cristian Ibarra and Maxime U. Garcia and Per Uhlén and Monica Nistér},
  title = {Glycosylation Controls Sodium-Calcium Exchanger 3 Sub-Cellular Localization During Cell Cycle},
  journaltitle = {European Journal of Cell Biology},
  year = {2018},
  doi = {10.1016/j.ejcb.2018.02.004},
  number = {3},
  pages = {190-203},
  volume = {97},
}
